<collection xmlns="http://www.loc.gov/MARC21/slim">
<record>
  <leader>04175nam0a2200637 i 450 </leader>
  <controlfield tag="001">IT\ICCU\CNCE\031816</controlfield>
  <controlfield tag="005">20200805000000.0</controlfield>
  <datafield tag="012" ind1=" " ind2=" ">
    <subfield code="a">am.1 n-i- sees esci (3) 1552 (A)</subfield>
    <subfield code="2">fei</subfield>
  </datafield>
  <datafield tag="100" ind1=" " ind2=" ">
    <subfield code="a">19971206d1552        0itac0103    ba</subfield>
  </datafield>
  <datafield tag="101" ind1=" " ind2=" ">
    <subfield code="a">LAT</subfield>
  </datafield>
  <datafield tag="102" ind1=" " ind2=" ">
    <subfield code="a">IT</subfield>
  </datafield>
  <datafield tag="200" ind1="1" ind2=" ">
    <subfield code="a">℗Ioannis de Ianduno ℗In libros Aristotelis De coelo &amp; mundo quaestiones subtilissimae, quibus nuper consulto adiecimus Auerrois sermonem de substantia orbis, cum eiusdem Ioannis commentario ac quaestionibus, nuperrime in capita accurate diuisum, ac maximadiligentia recognitum, duo etiam leguntur his appositi indices: alter questionum, et conclusionum, et capitum summas nunc additas, continet, alter in toto libro scitu praeclara demonstrat. Quae omnia recenti hac nostra editione, vt potuit fieri, diligentissime expolita sunt, atque elaborata</subfield>
  </datafield>
  <datafield tag="210" ind1=" " ind2=" ">
    <subfield code="a">Venetiis</subfield>
    <subfield code="c">apud Hieronymum Scotum</subfield>
    <subfield code="d">1552</subfield>
    <subfield code="e">Venetiis</subfield>
    <subfield code="g">apud Heronymum \!! Scotum</subfield>
    <subfield code="h">1552</subfield>
  </datafield>
  <datafield tag="215" ind1=" " ind2=" ">
    <subfield code="a">\4!, 63, \1! c.</subfield>
    <subfield code="d">fol</subfield>
  </datafield>
  <datafield tag="620" ind1=" " ind2=" ">
    <subfield code="a">IT</subfield>
    <subfield code="d">Venezia</subfield>
  </datafield>
  <datafield tag="700" ind1=" " ind2="0">
    <subfield code="a">Jean</subfield>
    <subfield code="c"> : de#Jandun</subfield>
    <subfield code="3">IT\ICCU\CNCA\008140</subfield>
  </datafield>
  <datafield tag="702" ind1=" " ind2="0">
    <subfield code="a">Aristoteles</subfield>
    <subfield code="3">IT\ICCU\CNCA\000006</subfield>
  </datafield>
  <datafield tag="702" ind1=" " ind2="0">
    <subfield code="a">Averroes</subfield>
    <subfield code="3">IT\ICCU\CNCA\000273</subfield>
  </datafield>
  <datafield tag="712" ind1="0" ind2="0">
    <subfield code="a">Scoto, Girolamo</subfield>
    <subfield code="3">IT\ICCU\CNCT\000134</subfield>
    <subfield code="4">650</subfield>
  </datafield>
  <datafield tag="790" ind1=" " ind2="0">
    <subfield code="a">Joannes</subfield>
    <subfield code="c"> : de#Janduno</subfield>
    <subfield code="3">IT\ICCU\CNCA\020344</subfield>
    <subfield code="z">Jean : de#Jandun</subfield>
  </datafield>
  <datafield tag="790" ind1=" " ind2="0">
    <subfield code="a">Johannes</subfield>
    <subfield code="c"> : Gandavensis</subfield>
    <subfield code="3">IT\ICCU\CNCA\020345</subfield>
    <subfield code="z">Jean : de#Jandun</subfield>
  </datafield>
  <datafield tag="790" ind1=" " ind2="1">
    <subfield code="a">Jandun,</subfield>
    <subfield code="b">Jean : de</subfield>
    <subfield code="3">IT\ICCU\CNCA\020346</subfield>
    <subfield code="z">Jean : de#Jandun</subfield>
  </datafield>
  <datafield tag="790" ind1=" " ind2="1">
    <subfield code="a">Jandonus,</subfield>
    <subfield code="b">Joannes</subfield>
    <subfield code="3">IT\ICCU\CNCA\023073</subfield>
    <subfield code="z">Jean : de#Jandun</subfield>
  </datafield>
  <datafield tag="790" ind1=" " ind2="0">
    <subfield code="a">Aristotele</subfield>
    <subfield code="3">IT\ICCU\CNCA\018928</subfield>
    <subfield code="z">Aristoteles</subfield>
  </datafield>
  <datafield tag="790" ind1=" " ind2="1">
    <subfield code="a">Ibn Rushd,</subfield>
    <subfield code="b">Abu al-Walid Muhammad</subfield>
    <subfield code="3">IT\ICCU\CNCA\005380</subfield>
    <subfield code="z">Averroes</subfield>
  </datafield>
  <datafield tag="790" ind1=" " ind2="0">
    <subfield code="a"></subfield>
    <subfield code="3">IT\ICCU\CNCA\018782</subfield>
    <subfield code="z">Averroes</subfield>
  </datafield>
  <datafield tag="791" ind1="0" ind2="0">
    <subfield code="a">Scotto, Girolamo</subfield>
    <subfield code="3">IT\ICCU\CNCT\002826</subfield>
    <subfield code="z">Scoto, Girolamo</subfield>
  </datafield>
  <datafield tag="791" ind1="0" ind2="0">
    <subfield code="a">Schottus, Hieronymus</subfield>
    <subfield code="3">IT\ICCU\CNCT\004087</subfield>
    <subfield code="z">Scoto, Girolamo</subfield>
  </datafield>
  <datafield tag="791" ind1="0" ind2="0">
    <subfield code="a">Scotus, Hieronymus</subfield>
    <subfield code="3">IT\ICCU\CNCT\005629</subfield>
    <subfield code="z">Scoto, Girolamo</subfield>
  </datafield>
  <datafield tag="791" ind1="0" ind2="0">
    <subfield code="a">Scottus, Hieronymus</subfield>
    <subfield code="3">IT\ICCU\CNCT\005630</subfield>
    <subfield code="z">Scoto, Girolamo</subfield>
  </datafield>
  <datafield tag="791" ind1="0" ind2="0">
    <subfield code="a">Schotus, Hieronymus</subfield>
    <subfield code="3">IT\ICCU\CNCT\005631</subfield>
    <subfield code="z">Scoto, Girolamo</subfield>
  </datafield>
  <datafield tag="791" ind1="0" ind2="0">
    <subfield code="a">Scotti, Girolamo</subfield>
    <subfield code="3">IT\ICCU\CNCT\005632</subfield>
    <subfield code="z">Scoto, Girolamo</subfield>
  </datafield>
  <datafield tag="801" ind1=" " ind2="3">
    <subfield code="a">IT</subfield>
    <subfield code="b">ICCU</subfield>
    <subfield code="c">20201114</subfield>
  </datafield>
  <datafield tag="899" ind1=" " ind2=" ">
    <subfield code="a">Biblioteca estera - Universiteitsbibliotheek Gent. Gent</subfield>
    <subfield code="1">AA0011</subfield>
  </datafield>
  <datafield tag="899" ind1=" " ind2=" ">
    <subfield code="a">Biblioteca civica A. Mai. Bergamo</subfield>
    <subfield code="1">BG0026</subfield>
    <subfield code="2">LO1 02</subfield>
  </datafield>
  <datafield tag="899" ind1=" " ind2=" ">
    <subfield code="a">Biblioteca provinciale dei frati minori cappuccini di Sardegna. Cagliari</subfield>
    <subfield code="1">CA0015</subfield>
    <subfield code="2">ZCA 02</subfield>
  </datafield>
  <datafield tag="899" ind1=" " ind2=" ">
    <subfield code="a">Biblioteca civica. Cosenza</subfield>
    <subfield code="1">CS0044</subfield>
    <subfield code="2">RCA 20</subfield>
  </datafield>
  <datafield tag="899" ind1=" " ind2=" ">
    <subfield code="a">Biblioteca provinciale dei Cappuccini. Firenze</subfield>
    <subfield code="1">FI0041</subfield>
    <subfield code="2">RT1 PC</subfield>
  </datafield>
  <datafield tag="899" ind1=" " ind2=" ">
    <subfield code="a">Biblioteca Ambrosiana. Milano</subfield>
    <subfield code="1">MI0133</subfield>
    <subfield code="2">VBA 01</subfield>
  </datafield>
  <datafield tag="899" ind1=" " ind2=" ">
    <subfield code="a">Biblioteca comunale Teresiana. Mantova</subfield>
    <subfield code="1">MN0035</subfield>
    <subfield code="2">LO1 12</subfield>
  </datafield>
  <datafield tag="899" ind1=" " ind2=" ">
    <subfield code="a">Biblioteca centrale della Regione siciliana Alberto Bombace. Palermo</subfield>
    <subfield code="1">PA0064</subfield>
    <subfield code="2">PAL BP</subfield>
  </datafield>
  <datafield tag="899" ind1=" " ind2=" ">
    <subfield code="a">Biblioteca comunale. Assisi</subfield>
    <subfield code="1">PG0001</subfield>
    <subfield code="2">UM1 10</subfield>
  </datafield>
  <datafield tag="899" ind1=" " ind2=" ">
    <subfield code="a">Biblioteca comunale Augusta. Perugia</subfield>
    <subfield code="1">PG0109</subfield>
    <subfield code="2">UM1 01</subfield>
  </datafield>
  <datafield tag="899" ind1=" " ind2=" ">
    <subfield code="a">Biblioteca comunale Classense. Ravenna</subfield>
    <subfield code="1">RA0036</subfield>
    <subfield code="2">RAV CL</subfield>
  </datafield>
  <datafield tag="899" ind1=" " ind2=" ">
    <subfield code="a">Biblioteca  Panizzi. Reggio Emilia</subfield>
    <subfield code="1">RE0052</subfield>
    <subfield code="2">RE2 PA</subfield>
  </datafield>
  <datafield tag="899" ind1=" " ind2=" ">
    <subfield code="a">Biblioteca comunale Salvatore Quasimodo. Modica</subfield>
    <subfield code="1">RG0007</subfield>
    <subfield code="2">ZRG 01</subfield>
  </datafield>
  <datafield tag="899" ind1=" " ind2=" ">
    <subfield code="a">Biblioteca comunale Carmelo La Rocca. Scicli</subfield>
    <subfield code="1">RG0015</subfield>
    <subfield code="2">ZRG 03</subfield>
  </datafield>
  <datafield tag="899" ind1=" " ind2=" ">
    <subfield code="a">Biblioteca nazionale centrale. Roma</subfield>
    <subfield code="1">RM0267</subfield>
    <subfield code="2">BVE CR</subfield>
  </datafield>
  <datafield tag="899" ind1=" " ind2=" ">
    <subfield code="a">Biblioteca statale del Monumento nazionale. Cava dei Tirreni</subfield>
    <subfield code="1">SA0088</subfield>
    <subfield code="2">NAP 95</subfield>
  </datafield>
  <datafield tag="899" ind1=" " ind2=" ">
    <subfield code="a">Fondazione Biblioteca S. Bernardino. Trento</subfield>
    <subfield code="1">TN0122</subfield>
    <subfield code="2">ZTN 18</subfield>
  </datafield>
  <datafield tag="899" ind1=" " ind2=" ">
    <subfield code="a">Biblioteca comunale. Treviso</subfield>
    <subfield code="1">TV0114</subfield>
    <subfield code="2">VIA CT</subfield>
  </datafield>
  <datafield tag="899" ind1=" " ind2=" ">
    <subfield code="a">Biblioteca S. Francesco della Vigna. Venezia</subfield>
    <subfield code="1">VE0031</subfield>
    <subfield code="2">VIA SF</subfield>
  </datafield>
  <datafield tag="911" ind1=" " ind2=" ">
    <subfield code="a">Sul front.</subfield>
    <subfield code="9">IT\ICCU\CNCM\000122</subfield>
  </datafield>
  <datafield tag="911" ind1=" " ind2=" ">
    <subfield code="a">Nel coloph.</subfield>
    <subfield code="9">IT\ICCU\CNCM\001367</subfield>
  </datafield>
  <datafield tag="921" ind1=" " ind2=" ">
    <subfield code="a">IT\ICCU\CNCM\000122</subfield>
    <subfield code="b">Ancora tra un ramo di olivo e un ramo di palma germoglianti da un tronco con favi e api, e congiunti dalle iniziali S.O.S.</subfield>
    <subfield code="e">In tenebris fulget.</subfield>
    <subfield code="c">V459</subfield>
    <subfield code="c">Z67</subfield>
    <subfield code="d">Dimensioni: 10 x 10,6</subfield>
    <subfield code="f">ANCORA</subfield>
    <subfield code="f">API</subfield>
    <subfield code="f">INTENEBRIS</subfield>
    <subfield code="f">SOS</subfield>
    <subfield code="f">TRONCO</subfield>
    <subfield code="g">1541-1577</subfield>
  </datafield>
  <datafield tag="921" ind1=" " ind2=" ">
    <subfield code="a">IT\ICCU\CNCM\001367</subfield>
    <subfield code="b">Ancora tra un ramo di olivo e un ramo di palma germoglianti da un tronco con favi e api, e congiunti dalle iniziali S.O.S.</subfield>
    <subfield code="e">In tenebris fulget.</subfield>
    <subfield code="c">U318</subfield>
    <subfield code="d">Dimensioni: 4,5 x 4,8</subfield>
    <subfield code="f">ANCORA</subfield>
    <subfield code="f">API</subfield>
    <subfield code="f">INTENEBRIS</subfield>
    <subfield code="g">1550-1570</subfield>
  </datafield>
</record>
</collection>
